<?xml version="1.0" encoding="UTF-8"?>
<records xmlns="http://www.openarchives.org/OAI/2.0/">
  <record>
    <header>
      <identifier>oai:mst.rochester.edu:183</identifier>
    </header>
    <metadata>
      <marc:record xmlns:marc="http://www.loc.gov/MARC21/slim" xmlns:xsi="http://www.w3.org/2001/XMLSchema-instance" xsi:schemaLocation="http://www.loc.gov/MARC21/slim http://www.loc.gov/standards/marcxml/schema/MARC21slim.xsd">
        <marc:leader>01989ccm a2200373 i 45 A</marc:leader>
        <marc:controlfield tag="001">970288</marc:controlfield>
        <marc:controlfield tag="003">NRU</marc:controlfield>
        <marc:controlfield tag="005">20061115105436.0</marc:controlfield>
        <marc:controlfield tag="008">851218s1755    enkcta         n    eng d</marc:controlfield>
        <marc:datafield tag="035" ind1=" " ind2=" ">
          <marc:subfield code="b">ocm</marc:subfield>
          <marc:subfield code="a">16455947</marc:subfield>
        </marc:datafield>
        <marc:datafield tag="035" ind1=" " ind2=" ">
          <marc:subfield code="9">00914465</marc:subfield>
        </marc:datafield>
        <marc:datafield tag="040" ind1=" " ind2=" ">
          <marc:subfield code="a">CUY</marc:subfield>
          <marc:subfield code="c">CUY</marc:subfield>
          <marc:subfield code="d">m.c.</marc:subfield>
          <marc:subfield code="d">RER</marc:subfield>
        </marc:datafield>
        <marc:datafield tag="045" ind1=" " ind2=" ">
          <marc:subfield code="a">v3v5</marc:subfield>
        </marc:datafield>
        <marc:datafield tag="048" ind1=" " ind2=" ">
          <marc:subfield code="b">vu01</marc:subfield>
          <marc:subfield code="a">ob</marc:subfield>
        </marc:datafield>
        <marc:datafield tag="049" ind1=" " ind2=" ">
          <marc:subfield code="a">RERA</marc:subfield>
        </marc:datafield>
        <marc:datafield tag="090" ind1=" " ind2=" ">
          <marc:subfield code="a">M1611.A748</marc:subfield>
          <marc:subfield code="b">C2 1755</marc:subfield>
        </marc:datafield>
        <marc:datafield tag="099" ind1=" " ind2=" ">
          <marc:subfield code="a">M1611.A748 C2 1755</marc:subfield>
        </marc:datafield>
        <marc:datafield tag="100" ind1="1" ind2=" ">
          <marc:subfield code="a">Arne, Thomas Augustine,</marc:subfield>
          <marc:subfield code="d">1710-1778.</marc:subfield>
        </marc:datafield>
        <marc:datafield tag="240" ind1="1" ind2="0">
          <marc:subfield code="a">Vocal music.</marc:subfield>
          <marc:subfield code="k">Selections</marc:subfield>
        </marc:datafield>
        <marc:datafield tag="245" ind1="0" ind2="0">
          <marc:subfield code="a">Six cantatas for a voice and instruments.</marc:subfield>
          <marc:subfield code="c">Set to musick by Thomas Augustine Arne.</marc:subfield>
        </marc:datafield>
        <marc:datafield tag="260" ind1=" " ind2=" ">
          <marc:subfield code="a">London :</marc:subfield>
          <marc:subfield code="b">Printed for amd Sold by John Walsh Musick Printer &amp; Instrument Maker in Catherine Street, Strand.</marc:subfield>
          <marc:subfield code="c">[1755?]</marc:subfield>
        </marc:datafield>
        <marc:datafield tag="300" ind1=" " ind2=" ">
          <marc:subfield code="a">1 score (70 p.) ;</marc:subfield>
          <marc:subfield code="c">33 cm.</marc:subfield>
        </marc:datafield>
        <marc:datafield tag="500" ind1=" " ind2=" ">
          <marc:subfield code="a">For solo voice with the accompaniment of various combinations of string and wind instruments.</marc:subfield>
        </marc:datafield>
        <marc:datafield tag="500" ind1=" " ind2=" ">
          <marc:subfield code="a">English words.</marc:subfield>
        </marc:datafield>
        <marc:datafield tag="500" ind1=" " ind2=" ">
          <marc:subfield code="a">Engraved.</marc:subfield>
        </marc:datafield>
        <marc:datafield tag="500" ind1=" " ind2=" ">
          <marc:subfield code="a">First four cantatas originally issued as two books of two cantatas, continuously numbered (I-IV) and continuously paginated (v. 1: April 30, 1775, p. 1-20; v. 2: June 26-28, 1775, p. 21-45 [page 46 blank]); plates reprinted and two cantatas (V-VI, p. 47-62) along with the airs from 6 cantatas "For German flute (p. 63-70) added, issued under collective title page, as above (September 4, 1755). Cf. Smith, William C. and Charles Humphries.   A bibliography of the musical works published by the firm of John Walsh. London, 1968.</marc:subfield>
        </marc:datafield>
        <marc:datafield tag="505" ind1="0" ind2=" ">
          <marc:subfield code="a">School of Anacreon -- Lydia, from Sappho -- Cantata III -- Bacchus and Ariadne -- The morning -- Delia.</marc:subfield>
        </marc:datafield>
        <marc:datafield tag="590" ind1=" " ind2=" ">
          <marc:subfield code="a">Sibley Music Library copy 1 accession no.: 520289.</marc:subfield>
        </marc:datafield>
        <marc:datafield tag="590" ind1=" " ind2=" ">
          <marc:subfield code="a">Sibley Music Library copy 2. Microfiche (negative) Rochester: Sibley Music Library Microform Service, 1986. 2 fiche. 10.2 x15.2 cm.</marc:subfield>
        </marc:datafield>
        <marc:datafield tag="650" ind1=" " ind2="0">
          <marc:subfield code="a">Solo cantatas, Secular</marc:subfield>
          <marc:subfield code="x">Scores.</marc:subfield>
        </marc:datafield>
        <marc:datafield tag="910" ind1=" " ind2=" ">
          <marc:subfield code="a">950805</marc:subfield>
        </marc:datafield>
        <marc:datafield tag="911" ind1=" " ind2=" ">
          <marc:subfield code="a">u</marc:subfield>
        </marc:datafield>
        <marc:datafield tag="966" ind1=" " ind2=" ">
          <marc:subfield code="l">/Rare</marc:subfield>
          <marc:subfield code="m">SRARE</marc:subfield>
          <marc:subfield code="s">M1611.A748 C2 1755</marc:subfield>
          <marc:subfield code="c">1</marc:subfield>
          <marc:subfield code="b">39087011954791</marc:subfield>
        </marc:datafield>
        <marc:datafield tag="966" ind1=" " ind2=" ">
          <marc:subfield code="l">/Stack</marc:subfield>
          <marc:subfield code="m">SMONO</marc:subfield>
          <marc:subfield code="s">Fiche 1209</marc:subfield>
          <marc:subfield code="c">2</marc:subfield>
        </marc:datafield>
      </marc:record>
    </metadata>
  </record>
</records>
